@INBOOK{compgeom,
   author = {Mark de Berg, Otfried Cheong, Marc van Kreveld and Mark Overmars},
   title= "Computational Geometry: Algorithms and Applications Third Edition",
   publisher = "Springer-Verlag",
   year = "2008",
   chapter = "4"
   }
   
@Article{ vertexsystems,
  author =       "Colin Smith",
  title =        "On Vertex-Vertex Systems and Their Use in
Geometric and Biological Modelling",
	publisher = "University of Calgary", 
  year =        "2006"
}

@ARTICLE{,
	AUTHOR       = "",
	TITLE        = "",
	JOURNAL      = "",
	YEAR         = "",
	VOLUME       = "",
	NUMBER       = "",
	PAGES        = "",
	MONTH        = "",
	NOTE         = ""
}

@ARTICLE{,
	AUTHOR       = "",
	TITLE        = "",
	JOURNAL      = "",
	YEAR         = "",
	VOLUME       = "",
	NUMBER       = "",
	PAGES        = "",
	MONTH        = "",
	NOTE         = ""
}

@ARTICLE{,
	AUTHOR       = "",
	TITLE        = "",
	JOURNAL      = "",
	YEAR         = "",
	VOLUME       = "",
	NUMBER       = "",
	PAGES        = "",
	MONTH        = "",
	NOTE         = ""
}

@ARTICLE{,
	AUTHOR       = "",
	TITLE        = "",
	JOURNAL      = "",
	YEAR         = "",
	VOLUME       = "",
	NUMBER       = "",
	PAGES        = "",
	MONTH        = "",
	NOTE         = ""
}

@ARTICLE{,
	AUTHOR       = "",
	TITLE        = "",
	JOURNAL      = "",
	YEAR         = "",
	VOLUME       = "",
	NUMBER       = "",
	PAGES        = "",
	MONTH        = "",
	NOTE         = ""
}
